@article{reardon2018levels,
  author =	 {Reardon, Sean F. and Baker, Rachel and Kasman, Matt
                  and Klasik, Daniel and Townsend, Joseph B.},
  title =	 {What Levels of Racial Diversity Can Be Achieved with
                  Socioeconomic-Based Affirmative Action? Evidence
                  from a Simulation Model},
  journal =	 {Journal of Policy Analysis and Management},
  volume =	 37,
  number =	 3,
  pages =	 {630-657},
  doi =		 {10.1002/pam.22056},
  year =	 2018,
  url =
                  {https://cepa.stanford.edu/content/what-levels-racial-diversity-can-be-achieved-socioeconomic-based-affirmative-action-evidence-simulation-model}
}

@article{reardon2018levels_preprint,
  author =	 {Reardon, Sean F. and Baker, Rachel and Kasman, Matt
                  and Klasik, Daniel and Townsend, Joseph B.},
  title =	 {What Levels of Racial Diversity Can Be Achieved with
                  Socioeconomic-Based Affirmative Action? Evidence
                  from a Simulation Model (CEPA Working Paper No.15-04)},
  month  = 12,
  year   = 2017,
  note   = "Retrieved from Stanford Center for Education Policy Analysis",
  url = {http://cepa.stanford.edu/wp15-04},
}

@article{reardon2016agent,
  title =	 {Agent-based simulation models of the college sorting
                  process},
  author =	 {Reardon, Sean F. and Kasman, Matt and Klasik, Daniel
                  and Baker, Rachel},
  journal =	 {Journal of Artificial Societies and Social
                  Simulation},
  volume =	 19,
  number =	 1,
  pages =	 8,
  year =	 2016,
  doi =		 {10.18564/jasss.2993},
  url =
                  {https://cepa.stanford.edu/content/agent-based-simulation-models-college-sorting-process}
}

@software{reardon2016stata,
  author={Reardon, Sean F. and Kasman, Matt and Klasik, Daniel and Baker, Rachel},
  title={Agent-based Simulation Models of the College Sorting Process},
  url={https://www.comses.net/codebases/4220/releases/1.0.0/},
  version={1.0.0},
  date={2014-05-23}
}